<marcx:record format="danMARC2" type="BibliographicMain"><marcx:leader>00000n    2200000   4500</marcx:leader><marcx:datafield ind1="0" ind2="0" tag="001"><marcx:subfield code="a">50126137</marcx:subfield><marcx:subfield code="b">870970</marcx:subfield><marcx:subfield code="c">19890215</marcx:subfield><marcx:subfield code="d">19750528</marcx:subfield><marcx:subfield code="f">a</marcx:subfield><marcx:subfield code="o">c</marcx:subfield></marcx:datafield><marcx:datafield ind1="0" ind2="0" tag="004"><marcx:subfield code="r">n</marcx:subfield><marcx:subfield code="a">h</marcx:subfield></marcx:datafield><marcx:datafield ind1="0" ind2="0" tag="008"><marcx:subfield code="b">dk</marcx:subfield><marcx:subfield code="m">1</marcx:subfield><marcx:subfield code="v">1</marcx:subfield></marcx:datafield><marcx:datafield ind1="0" ind2="0" tag="009"><marcx:subfield code="a">a</marcx:subfield><marcx:subfield code="g">xx</marcx:subfield></marcx:datafield><marcx:datafield ind1="0" ind2="0" tag="021"><marcx:subfield code="a">87-418-4249-9</marcx:subfield><marcx:subfield code="d">kr. 96.50</marcx:subfield></marcx:datafield><marcx:datafield ind1="0" ind2="0" tag="100"><marcx:subfield code="a">Rifbjerg</marcx:subfield><marcx:subfield code="h">Klaus</marcx:subfield></marcx:datafield><marcx:datafield ind1="0" ind2="0" tag="245"><marcx:subfield code="a">Den ¤kroniske uskyld</marcx:subfield><marcx:subfield code="ø">MagnaPrintserien</marcx:subfield></marcx:datafield><marcx:datafield ind1="0" ind2="0" tag="260"><marcx:subfield code="b">Borgen</marcx:subfield><marcx:subfield code="b">i samarbejde med Nyt dansk Litteraturselskab</marcx:subfield><marcx:subfield code="c">1974</marcx:subfield></marcx:datafield><marcx:datafield ind1="0" ind2="0" tag="300"><marcx:subfield code="a">2 bind</marcx:subfield></marcx:datafield><marcx:datafield ind1="0" ind2="0" tag="440"><marcx:subfield code="0"></marcx:subfield><marcx:subfield code="a">\MagnaPrintserien\</marcx:subfield><marcx:subfield code="v">45</marcx:subfield></marcx:datafield><marcx:datafield ind1="0" ind2="0" tag="504"><marcx:subfield code="&amp;">1</marcx:subfield><marcx:subfield code="a">Roman om københavnske gymnasiaster i 1940&apos;erne og 1950&apos;erne</marcx:subfield></marcx:datafield><marcx:datafield ind1="0" ind2="0" tag="520"><marcx:subfield code="&amp;">1</marcx:subfield><marcx:subfield code="a">Originaludgave 1958</marcx:subfield></marcx:datafield><marcx:datafield ind1="0" ind2="0" tag="652"><marcx:subfield code="n">86</marcx:subfield><marcx:subfield code="z">06</marcx:subfield></marcx:datafield><marcx:datafield ind1="0" ind2="0" tag="652"><marcx:subfield code="o">sk</marcx:subfield></marcx:datafield></marcx:record>